@book{Knuth,
	author = {Knuth, Donald E.},
	title = {The \TeX{}book},
	year = {1986},
	isbn = {0201134470},
	publisher = {Addison-Wesley Professional},
	url = {https://ctan.org/pkg/texbook }
}